<record xmlns="http://www.loc.gov/MARC21/slim" xmlns:xsi="http://www.w3.org/2001/XMLSchema-instance" xsi:schemaLocation="http://www.loc.gov/MARC21/slim http://www.loc.gov/standards/marcxml/schema/MARC21slim.xsd"><leader>     nam a22        4500</leader><controlfield tag="001">001779438</controlfield><controlfield tag="003">NNU</controlfield><controlfield tag="006">m        d        </controlfield><controlfield tag="007">cr cn |||m|||a</controlfield><controlfield tag="008">150313s1941    tu      od    000 0 ara  </controlfield><datafield ind1=" " ind2=" " tag="040"><subfield code="a">NNU</subfield><subfield code="b">eng</subfield><subfield code="c">NNU</subfield></datafield><datafield ind1="0" ind2=" " tag="041"><subfield code="a">ara</subfield><subfield code="b">tur</subfield></datafield><datafield ind1=" " ind2="0" tag="050"><subfield code="a">PL27</subfield><subfield code="b">.M3</subfield></datafield><datafield ind1=" " ind2=" " tag="090"><subfield code="a">PL27</subfield><subfield code="b">.M3</subfield></datafield><datafield ind1="0" ind2=" " tag="100"><subfield code="a">Ma&#7717;m&#363;d K&#257;shgar&#299;,</subfield><subfield code="d">11th cent.</subfield></datafield><datafield ind1="0" ind2="0" tag="240"><subfield code="a">D&#299;w&#257;n lugh&#257;t al-Turk</subfield></datafield><datafield ind1="1" ind2="0" tag="245"><subfield code="a">Divan&#252; l&#251;gat-it-t&#252;rk T&#305;pk&#305;bas&#305;m&#305;</subfield><subfield code="h">[electronic resource] :</subfield><subfield code="b">"faksimile".</subfield></datafield><datafield ind1=" " ind2=" " tag="260"><subfield code="a">Ankara :</subfield><subfield code="b">Al&#226;eddin K&#305;ral Bas&#305;mevi,</subfield><subfield code="c">1941.</subfield></datafield><datafield ind1=" " ind2=" " tag="300"><subfield code="a">online resource (1 p. l., facsim., 638 col.,1 p. l., 8, 5 p.)</subfield></datafield><datafield ind1=" " ind2=" " tag="500"><subfield code="a">At head of title: T.D.K.</subfield></datafield><datafield ind1=" " ind2=" " tag="500"><subfield code="a">Two columns to the page.</subfield></datafield><datafield ind1=" " ind2=" " tag="500"><subfield code="a">Turko-Tartaric vocabulary in Arabic characters, with commentaries in Arabic.</subfield></datafield><datafield ind1=" " ind2=" " tag="500"><subfield code="a">In pocket: another reproduction of 22 of the columns blurred in the facsimile.</subfield></datafield><datafield ind1=" " ind2=" " tag="500"><subfield code="a">Addenda slip inserted.</subfield></datafield><datafield ind1=" " ind2=" " tag="500"><subfield code="a">Part of the Arabic Collections Online (ACO) project, contributed by New York Univeristy Libraries.</subfield></datafield><datafield ind1=" " ind2=" " tag="533"><subfield code="a">Electronic reproduction.</subfield><subfield code="b">New York, N.Y. :</subfield><subfield code="c">New York University,</subfield><subfield code="d">2015.</subfield><subfield code="5">NNU</subfield></datafield><datafield ind1=" " ind2="0" tag="650"><subfield code="a">Turkish language</subfield><subfield code="v">Dictionaries</subfield><subfield code="x">Arabic.</subfield></datafield><datafield ind1=" " ind2="0" tag="650"><subfield code="a">Turkic languages</subfield><subfield code="x">Dialects.</subfield></datafield><datafield ind1="1" ind2=" " tag="700"><subfield code="a">Giray, &#304;hsan.</subfield></datafield><datafield ind1="2" ind2=" " tag="710"><subfield code="a">T&#252;rk Dil Kurumu.</subfield></datafield><datafield ind1="2" ind2=" " tag="710"><subfield code="a">New York University.</subfield><subfield code="b">Libraries.</subfield></datafield><datafield ind1="0" ind2=" " tag="730"><subfield code="a">Arabic Collections Online.</subfield></datafield><datafield ind1="0" ind2="8" tag="776"><subfield code="i">Print version:</subfield><subfield code="a">Ma&#7717;m&#363;d K&#257;shgar&#299;, 11th cent.</subfield><subfield code="t">Divan&#252; l&#251;gat-it-t&#252;rk T&#305;pk&#305;bas&#305;m&#305;</subfield><subfield code="w">(NNU)001779438</subfield><subfield code="w">(DLC)49036351</subfield></datafield><datafield ind1="4" ind2="0" tag="856"><subfield code="u">http://hdl.handle.net/2333.1/76hdrb5x</subfield></datafield><datafield ind1=" " ind2=" " tag="959"><subfield code="a">NNU</subfield><subfield code="b">WEB</subfield><subfield code="c">GENI</subfield><subfield code="t">0</subfield><subfield code="m">Electronic access</subfield><subfield code="s">01</subfield></datafield><datafield ind1=" " ind2=" " tag="999"><subfield code="i">NNU_001779438</subfield><subfield code="s">nyu_aco000597</subfield><subfield code="e">(ERROR-880)</subfield></datafield></record>